<record><leader>00000cas a2200000 a 4500</leader><controlfield tag="001">12320636</controlfield><controlfield tag="008">850729d18791880aluwr ne      0    0eng d</controlfield><datafield ind1=" " ind2=" " tag="010"><subfield code="a">sn 87050135 </subfield></datafield><datafield ind1=" " ind2=" " tag="040"><subfield code="a">ABJ</subfield><subfield code="b">eng</subfield><subfield code="c">ABJ</subfield><subfield code="d">CPN</subfield><subfield code="d">OCL</subfield><subfield code="d">OCLCQ</subfield></datafield><datafield ind1=" " ind2=" " tag="042"><subfield code="a">msc</subfield></datafield><datafield ind1="0" ind2=" " tag="130"><subfield code="a">Spirit of the times (Greenville, Ala.)</subfield></datafield><datafield ind1="1" ind2="4" tag="245"><subfield code="a">The Spirit of the times.</subfield></datafield><datafield ind1=" " ind2=" " tag="260"><subfield code="a">Greenville, Ala. :</subfield><subfield code="b">G.D. Reid,</subfield><subfield code="c">1879-1880.</subfield></datafield><datafield ind1=" " ind2=" " tag="300"><subfield code="a">v. :</subfield><subfield code="b">ill.</subfield></datafield><datafield ind1="0" ind2=" " tag="362"><subfield code="a">Vol. 1, no. 1 (Nov. 8, 1879)-v. 1, no. 27 (May 8, 1880).</subfield></datafield><datafield ind1=" " ind2=" " tag="500"><subfield code="a">"The spirit of the times shall make me speed."</subfield></datafield><datafield ind1=" " ind2=" " tag="500"><subfield code="a">"Democratic."</subfield></datafield><datafield ind1=" " ind2=" " tag="752"><subfield code="a">United States</subfield><subfield code="b">Alabama</subfield><subfield code="c">Butler</subfield><subfield code="d">Greenville.</subfield></datafield></record>